23700000         2741550520001730000323249          0338120000000007471 Comercio Portuario de SP CapitBRADESCO                                2030520181443300000010890000000000000BRAD                                                         
23700011C2003045 2741550520001730000323249          0338120000000007471 Comercio Portuario de SP Capit                                        BR RUA JOSE MONTESELLI        00765 765                               00000     01                
2370001300001A0090187550130600000010900017 Comercio Portuario de SP Capitais0503000014293    03052018BRL000000000000000000000000000300UPS0503000014293    00000000000000000000300                                          0001001   0BD00      
2370001300002B   274155052000173BR SAO CARLO                                                                         00000     03052018000000000000000000000000000000000000000000000000000000000000000000000000000               000000062073200
2370001300001A0090187550130600000010900017 Comercio Portuario de SP Capitais0503000014293    03052018BRL000000000000000000000000000300UPS0503000014293    00000000000000000000300                                          0001001   0BD0002    
2370001300002B   274155052000173BR SAO CARLO                                                                         00000     03052018000000000000000000000000000000000000000000000000000000000000000000000000000               000000062073200
2370001300001A0090187550130600000010900017 Comercio Portuario de SP Capitais0503000014293    03052018BRL000000000000000000000000000300UPS0503000014293    00000000000000000000300                                          0001001   0BD0002AA  
2370001300002B   274155052000173BR SAO CARLO                                                                         00000     03052018000000000000000000000000000000000000000000000000000000000000000000000000000               000000062073200
2370001300001A0090187550130600000010900017 Comercio Portuario de SP Capitais0503000014293    03052018BRL000000000000000000000000000300UPS0503000014293    00000000000000000000300                                          0001001   0BD0002AAAG
2370001300002B   274155052000173BR SAO CARLO                                                                         00000     03052018000000000000000000000000000000000000000000000000000000000000000000000000000               000000062073200
2370001300001A0090187550130600000010900017 Comercio Portuario de SP Capitais0503000014293    03052018BRL000000000000000000000000000300UPS0503000014293    00000000000000000000300                                          0001001   0BD        
2370001300002B   274155052000173BR SAO CARLO                                                                         00000     03052018000000000000000000000000000000000000000000000000000000000000000000000000000               000000062073200
2370001300001A0090187550130600000010900017 Comercio Portuario de SP Capitais0503000014293    03052018BRL000000000000000000000000000300UPS0503000014293    00000000000000000000300                                          0001001   0BD        
2370001300002B   274155052000173BR SAO CARLO                                                                         00000     03052018000000000000000000000000000000000000000000000000000000000000000000000000000               000000062073200
2370001300001A0090187550130600000010900017 Comercio Portuario de SP Capitais0503000014293    03052018BRL000000000000000000000000000300UPS0503000014293    00000000000000000000300                                          0001001   0BD        
2370001300002B   274155052000173BR SAO CARLO                                                                         00000     03052018000000000000000000000000000000000000000000000000000000000000000000000000000               000000062073200
2370001300001A0090187550130600000010900017 Comercio Portuario de SP Capitais0503000014293    03052018BRL000000000000000000000000000300UPS0503000014293    00000000000000000000300                                          0001001   0BD        
2370001300002B   274155052000173BR SAO CARLO                                                                         00000     03052018000000000000000000000000000000000000000000000000000000000000000000000000000               000000062073200
2370001300001A0090187550130600000010900017 Comercio Portuario de SP Capitais0503000014293    03052018BRL000000000000000000000000000300UPS0503000014293    00000000000000000000300                                          0001001   0BD        
2370001300002B   274155052000173BR SAO CARLO                                                                         00000     03052018000000000000000000000000000000000000000000000000000000000000000000000000000               000000062073200
2370001300001A0090187550130600000010900017 Comercio Portuario de SP Capitais0503000014293    03052018BRL000000000000000000000000000300UPS0503000014293    00000000000000000000300                                          0001001   0BD        
2370001300002B   274155052000173BR SAO CARLO                                                                         00000     03052018000000000000000000000000000000000000000000000000000000000000000000000000000               000000062073200
2370001300001A0090187550130600000010900017 Comercio Portuario de SP Capitais0503000014293    03052018BRL000000000000000000000000000300UPS0503000014293    00000000000000000000300                                          0001001   0BD        
2370001300002B   274155052000173BR SAO CARLO                                                                         00000     03052018000000000000000000000000000000000000000000000000000000000000000000000000000               000000062073200
2370001300001A0090187550130600000010900017 Comercio Portuario de SP Capitais0503000014293    03052018BRL000000000000000000000000000300UPS0503000014293    00000000000000000000300                                          0001001   0BD        
2370001300002B   274155052000173BR SAO CARLO                                                                         00000     03052018000000000000000000000000000000000000000000000000000000000000000000000000000               000000062073200
2370001300001A0090187550130600000010900017 Comercio Portuario de SP Capitais0503000014293    03052018BRL000000000000000000000000000300UPS0503000014293    00000000000000000000300                                          0001001   0BD        
2370001300002B   274155052000173BR SAO CARLO                                                                         00000     03052018000000000000000000000000000000000000000000000000000000000000000000000000000               000000062073200
2370001300001A0090187550130600000010900017 Comercio Portuario de SP Capitais0503000014293    03052018BRL000000000000000000000000000300UPS0503000014293    00000000000000000000300                                          0001001   0BD        
2370001300002B   274155052000173BR SAO CARLO                                                                         00000     03052018000000000000000000000000000000000000000000000000000000000000000000000000000               000000062073200
2370001300001A0090187550130600000010900017 Comercio Portuario de SP Capitais0503000014293    03052018BRL000000000000000000000000000300UPS0503000014293    00000000000000000000300                                          0001001   0BD        
2370001300002B   274155052000173BR SAO CARLO                                                                         00000     03052018000000000000000000000000000000000000000000000000000000000000000000000000000               000000062073200
23700015         000004000000000000000300                                                                                                                                                                                                       
23799999         000001000006                                                                                                                                                                                                                   
